34100000      081211442110000120                    01403 000000000970 5ART VIAGENS E TURISMO LTDA    BANCO ITAU SA                           10312202116274900000000000000                                                                     
34100011C2045040 211442110000120                    01403 000000000970 5ART VIAGENS E TURISMO LTDA                                            RUA DOS AIMORES               01001ANDAR          BELO HORIZONTE      30140071MG                  
3410001300001A00100934100000 000000000000 0PRIMEIRO NOME                 1883914             28092021REA000000000000000000000000050000                    000000000000000000000000000                00000000000000000000            0          
3410001300002A00100934100000 000000000000 0SEGUNDO NOME                  1883914             28092021REA000000000000000000000000050000                    000000000000000000000000000                00000000013612986694            0          
34100015         000002000000000000100000000000000000000000                                                                                                                                                                                     
34199999         000001000006                                                                                                                                                                                                                   
