34100000         211442110000120                    01234 000000012345 1ART VIAGENS E TURISMO LTDA    BANCO ITAU SA                           11111202109310100000004000000                                                      000            
34100011R0100030 2011442110000120                    01234 000000012345 1ART VIAGENS E TURISMO LTDA                                                                                    000000001111202111112021                                 
3410001300001P 0101234 000000012345 1112000000010        000000000000001     1111202100000000001000000000001S11112021011112021000000000000000000000000000000000000000000000000000000000000000000000                         0000000000000000000 
3410001300002Q 012080968312000122ALISSON DE S. SANTOS                    AV. BRASILIA, 5850                      DUQUESA I      33170000SANTA LUZIA    MG0000000000000000                                        000                            
3410001300003P 0101234 000000012345 1112000000010        000000000000001     1111202100000000001000000000001S11112021011112021000000000000000000000000000000000000000000000000000000000000000000000                         0000000000000000000 
3410001300004Q 012080968312000122BRUNO                                   AV. BRASILIA, 5850                      DUQUESA I      33170000SANTA LUZIA    MG0000000000000000                                        000                            
34100015         0000060000020000000000002000000000000000000000000000000000000000000000000000000000000000000000000000000000                                                                                                                     
34199999         000001000008000000                                                                                                                                                                                                             
