34100000      081211442110000120                    01403 000000000970 5ART VIAGENS E TURISMO LTDA    BANCO ITAU SA                           11911202115030300000000000000                                                                     
34100011C2045040 211442110000120                    01403 000000000970 5ART VIAGENS E TURISMO LTDA                                            RUA DOS AIMORES               01001ANDAR          BELO HORIZONTE      30140071MG                  
3410001300001P 0101403 000000000970 5112000000010        000000000000001     1911202100000000001000000000001S19112021019112021000000000000000000000000000000000000000000000000000000000000000000000                         0000000000000000000 
3410001300002Q 011000013612986694ALISSON DE S. SANTOS                    AV. BRASILIA                                           33170000SANTA LUZIA    MG0000000000000000                                        000                            
34100015         0000040000010000000000001000000000000000000000000000000000000000000000000000000000000000000000000000000000                                                                                                                     
34199999         000001000006000000                                                                                                                                                                                                             
