34100000      081255578117000149                    02037 000000000216 5EMPRESA 1                     BANCO ITAU SA                           11901202213002000000000000000                                                                     
34100011C2045040 255578117000149                    02037 000000000216 5EMPRESA 1                                                             RUA PEDRO SANTANA             004741              BELO HORIZONTE      11677320MG                  
3410001300001A00100934102037 000000216019 6RAUL E APARECIDA ENTREGAS EXPR55                  24022000REA000000000100000000000001000000                    000000000000000000000000000                00000081226162000144            0          
3410001300002A00100934102037 000000216019 6RAUL E APARECIDA ENTREGAS EXPR56                  10122021REA000000000100000000000000100000                    000000000000000000000000000                00000081226162000144            0          
34100015         000002000000000001100000000000000000000000                                                                                                                                                                                     
34199999         000001000006                                                                                                                                                                                                                   
