34100000      081211442110000120                    01403 000000000970 5ART VIAGENS E TURISMO LTDA    BANCO ITAU SA                           12411202115185700000000000000                                                                     
34100011C2045040 211442110000120                    01403 000000000970 5ART VIAGENS E TURISMO LTDA                                            RUA DOS AIMORES               01001ANDAR          BELO HORIZONTE      30140071MG                  
3410001300001A00100934101111 000000099999 5ALISSON DE S. SANTOS          NF                  24112021REA000000000000000000000000010050                    000000000000000000000000000                00000000013612986694            0          
34100015         000001000000000000010050000000000000000000                                                                                                                                                                                     
34199999         000001000005                                                                                                                                                                                                                   
