34100000      081296479274000184                    01403 000000000970 5RAZAO SOCIAL DA EMPRESA       BANCO ITAU SA                           11801202211075100000000000000                                                                     
34100011C2045040 296479274000184                    01403 000000000970 5RAZAO SOCIAL DA EMPRESA                                               RUA ALVORADA                  00050APTO 103       BELO HORIZONTE      30140071MG                  
3410001300001A00100934100001 000000000015 2COMPANYNAME                   172                 31012021REA000000000100000000000000017199                    000000000000000000000000000                00000000360305000104            0          
3410001300002A00100934100001 000000000015 2COMPANYNAME                   173                 28092021REA000000000100000000000000017101                    000000000000000000000000000                00000000360305000104            0          
3410001300003A00100934100001 000000000015 2COMPANYNAME                   174                 31012021REA000000000100000000000000017199                    000000000000000000000000000                00000000360305000104            0          
3410001300004A00100934100001 000000000015 2COMPANYNAME                   175                 28092021REA000000000100000000000000017101                    000000000000000000000000000                00000000360305000104            0          
34100015         000004000000000000068600000000000000000000                                                                                                                                                                                     
34199999         000001000008                                                                                                                                                                                                                   
