34100000      081211442110000120                    01403 000000000970 5ART VIAGENS E TURISMO LTDA    BANCO ITAU SA                           11712202110082500000000000000                                                                     
34100011C2045040 211442110000120                    01403 000000000970 5ART VIAGENS E TURISMO LTDA                                            RUA DOS AIMORES               01001ANDAR          BELO HORIZONTE      30140071MG                  
3410001300001A00100934100001 000000000015 2PRIMEIRO NOME                 27                  28092021REA000000000100000000000000025000                    000000000000000000000000000                00000000000000000000            0          
3410001300002A00100934100001 000000000015 2SEGUNDO NOME                  7                   28092021REA000000000100000000000000025000                    000000000000000000000000000                00000000013612986694            0          
34100015         000002000000000000050000000000000000000000                                                                                                                                                                                     
34199999         000001000006                                                                                                                                                                                                                   
