34100000         211442110000120                    01234 000000012345 1ART VIAGENS E TURISMO LTDA    BANCO ITAU SA                           11711202109232700000004000000                                                      000
34100011R0100030 2011442110000120                    01234 000000012345 1ART VIAGENS E TURISMO LTDA                                                                                    000000001711202117112021
3410001300001P 0101234 000000012345 1112000000010        000000000000001     1711202100000000001000000000001S17112021017112021000000000000000000000000000000000000000000000000000000000000000000000                         0000000000000000000
3410001300002Q 011000013612986694ALISSON DE S. SANTOS                    AV. BRASILIA                                           33170000SANTA LUZIA    MG0000000000000000                                        000
34100015         0000040000010000000000001000000000000000000000000000000000000000000000000000000000000000000000000000000000
34199999         000001000006000000
