34100000      081255578117000149                    02037 000000000216 5EMPRESA 1                     BANCO ITAU SA                           12101202216380200000000000000                                                                     
34100011C2045040 255578117000149                    02037 000000000216 5EMPRESA 1                                                             RUA PEDRO SANTANA             004741              BELO HORIZONTE      11677320MG                  
3410001300001A00100934102037 000000216019 611111111                      167                 01012022REA000000000100000000000000010000                    000000000000000000000000000                00000000046948397565            0          
34100015         000001000000000000010000000000000000000000                                                                                                                                                                                     
34199999         000001000005                                                                                                                                                                                                                   
