34100000      081255578117000149                    02037 000000000216 5EMPRESA 1                     BANCO ITAU SA                           13101202205520600000000000000                                                                     
34100011C2045040 255578117000149                    02037 000000000216 5EMPRESA 1                                                             RUA PEDRO SANTANA             004741              BELO HORIZONTE      11677320MG                  
3410001300001J00123795887900009646840416090000000775900221870COMPANYNAME                   2809202100000000003430000000000000000000000000000000028092021000000000034300000000000000000101                                                       
34100015         000001000000000000034300000000000000000000                                                                                                                                                                                     
34199999         000001000005                                                                                                                                                                                                                   
