34100000      081255578117000149                    02037 000000000216 5EMPRESA 1                     BANCO ITAU SA                           12501202208594700000000000000                                                                     
34100011C2045040 255578117000149                    02037 000000000216 5EMPRESA 1                                                             RUA PEDRO SANTANA             004741              BELO HORIZONTE      11677320MG                  
3410001300001A00100934102037 000000216019 6CLAUDIA E FILIPE FINANCEIRA ME12                  25022022REA000000000100000000000000010000                    000000000000000000000000000                00000015244645000147            0          
3410001300002A00100934102037 000000216019 6CLAUDIA E FILIPE FINANCEIRA ME13                  28022022REA000000000100000000000000010000                    000000000000000000000000000                00000015244645000147            0          
3410001300003A00100934102037 000000216019 6CLAUDIA E FILIPE FINANCEIRA ME14                  01032022REA000000000100000000000000010000                    000000000000000000000000000                00000015244645000147            0          
3410001300004A00100934102037 000000216019 6CLAUDIA E FILIPE FINANCEIRA ME15                  02032022REA000000000100000000000000010000                    000000000000000000000000000                00000015244645000147            0          
3410001300005A00100934102037 000000216019 6CLAUDIA E FILIPE FINANCEIRA ME16                  03032022REA000000000100000000000000010000                    000000000000000000000000000                00000015244645000147            0          
34100015         000005000000000000050000000000000000000000                                                                                                                                                                                     
34199999         000001000009                                                                                                                                                                                                                   
