34100000      081255578117000149                    02037 000000000216 5EMPRESA 1                     BANCO ITAU SA                           13101202217374700000000000000                                                                     
34100011C2045040 255578117000149                    02037 000000000216 5EMPRESA 1                                                             RUA PEDRO SANTANA             004741              BELO HORIZONTE      11677320MG                  
3410001300001A00100934102037 000000216019 6COMPANYNAME                   181                 28092021REA000000000100000000000000034300                    000000000000000000000000000                00000000360305000125            0          
34100015         000001000000000000034300000000000000000000                                                                                                                                                                                     
34199999         000001000005                                                                                                                                                                                                                   
